
    <marc:record>
        <marc:leader>01229npcaa2200265Ii 4500</marc:leader>
        <marc:controlfield tag="001">003866038</marc:controlfield>
        <marc:controlfield tag="005">20180820144211.0</marc:controlfield>
        <marc:controlfield tag="008">180814i18631864xxu                 eng d</marc:controlfield>
        <marc:datafield tag="035" ind1=" " ind2=" ">
            <marc:subfield code="a">1048571502</marc:subfield>
        </marc:datafield>
        <marc:datafield tag="040" ind1=" " ind2=" ">
            <marc:subfield code="a">NDD</marc:subfield>
            <marc:subfield code="b">eng</marc:subfield>
            <marc:subfield code="e">rda</marc:subfield>
            <marc:subfield code="e">dacs</marc:subfield>
            <marc:subfield code="c">NDD</marc:subfield>
        </marc:datafield>
        <marc:datafield tag="041" ind1=" " ind2=" ">
            <marc:subfield code="a">eng</marc:subfield>
        </marc:datafield>
        <marc:datafield tag="049" ind1=" " ind2=" ">
            <marc:subfield code="a">NDDP</marc:subfield>
        </marc:datafield>
        <marc:datafield tag="100" ind1="1" ind2=" ">
            <marc:subfield code="a">Clark, James M.,</marc:subfield>
            <marc:subfield code="d">d. 1872,</marc:subfield>
            <marc:subfield code="e">creator.</marc:subfield>
        </marc:datafield>
        <marc:datafield tag="245" ind1="1" ind2="0">
            <marc:subfield code="a">James M. Clark papers,</marc:subfield>
            <marc:subfield code="f">1863-1864.</marc:subfield>
        </marc:datafield>
        <marc:datafield tag="264" ind1=" " ind2="0">
            <marc:subfield code="c">1863-1864.</marc:subfield>
        </marc:datafield>
        <marc:datafield tag="300" ind1=" " ind2=" ">
            <marc:subfield code="a">4 items.</marc:subfield>
        </marc:datafield>
        <marc:datafield tag="336" ind1=" " ind2=" ">
            <marc:subfield code="a">text</marc:subfield>
            <marc:subfield code="b">txt</marc:subfield>
            <marc:subfield code="2">rdacontent</marc:subfield>
        </marc:datafield>
        <marc:datafield tag="337" ind1=" " ind2=" ">
            <marc:subfield code="a">unmediated</marc:subfield>
            <marc:subfield code="b">n</marc:subfield>
            <marc:subfield code="2">rdamedia</marc:subfield>
        </marc:datafield>
        <marc:datafield tag="338" ind1=" " ind2=" ">
            <marc:subfield code="a">sheet</marc:subfield>
            <marc:subfield code="b">nb</marc:subfield>
            <marc:subfield code="2">rdacarrier</marc:subfield>
        </marc:datafield>
        <marc:datafield tag="500" ind1=" " ind2=" ">
            <marc:subfield code="a">Cataloged from card file, 1973.</marc:subfield>
        </marc:datafield>
        <marc:datafield tag="545" ind1=" " ind2=" ">
            <marc:subfield code="a">U.S. Naval officer onboard the ironclad steamer, Sangamon. Clark attained the rank of third assistant engineer in 1863 and became second assistant engineer in 1866.</marc:subfield>
        </marc:datafield>
        <marc:datafield tag="520" ind1="8" ind2=" ">
            <marc:subfield code="a">Collection consists of four letters from Clark to Charlotte, a friend, from Washington and South Carolina. In them he noted a trip to Beaufort, S.C.; damage and repairs to the Sangamon; the sinking of the U.S.S. Housatonic; gun practice in Charleston harbour; and picket duty near Ft. Sumter.</marc:subfield>
        </marc:datafield>
        <marc:datafield tag="650" ind1=" " ind2="0">
            <marc:subfield code="a">Armored vessels</marc:subfield>
            <marc:subfield code="y">19th century.</marc:subfield>
        </marc:datafield>
        <marc:datafield tag="650" ind1=" " ind2="0">
            <marc:subfield code="a">Navies</marc:subfield>
            <marc:subfield code="x">Officers</marc:subfield>
            <marc:subfield code="v">Correspondence</marc:subfield>
            <marc:subfield code="y">19th century.</marc:subfield>
        </marc:datafield>
        <marc:datafield tag="610" ind1="1" ind2="0">
            <marc:subfield code="a">United States.</marc:subfield>
            <marc:subfield code="b">Navy</marc:subfield>
            <marc:subfield code="x">History</marc:subfield>
            <marc:subfield code="y">Civil War, 1861-1865.</marc:subfield>
        </marc:datafield>
    </marc:record>